<mx:record xmlns="http://www.w3.org/TR/xhtml1/strict" xmlns:mx="http://www.loc.gov/MARC21/slim" xmlns:xsi="http://www.w3.org/2001/XMLSchema-instance"><mx:leader>00000cz  a2200000n  45 0</mx:leader><mx:controlfield tag="001">oca00764947 </mx:controlfield><mx:controlfield tag="005">20100918070941.0</mx:controlfield><mx:controlfield tag="008">820215n| acannaabn          |b aaa      </mx:controlfield><mx:datafield ind1=" " ind2=" " tag="010"><mx:subfield code="a">n  82068128</mx:subfield></mx:datafield><mx:datafield ind1=" " ind2=" " tag="040"><mx:subfield code="a">DLC</mx:subfield><mx:subfield code="b">eng</mx:subfield><mx:subfield code="c">DLC</mx:subfield><mx:subfield code="d">Uk</mx:subfield><mx:subfield code="d">DLC</mx:subfield><mx:subfield code="d">OCoLC</mx:subfield></mx:datafield><mx:datafield ind1="0" ind2=" " tag="100"><mx:subfield code="a">Aristarchus,</mx:subfield><mx:subfield code="c">of Samos</mx:subfield></mx:datafield><mx:datafield ind1="0" ind2=" " tag="400"><mx:subfield code="a">Aristarchus of Samos</mx:subfield></mx:datafield><mx:datafield ind1="0" ind2=" " tag="400"><mx:subfield code="a">Aristarque,</mx:subfield><mx:subfield code="c">de Samos</mx:subfield></mx:datafield><mx:datafield ind1="0" ind2=" " tag="400"><mx:subfield code="a">Aristarchus,</mx:subfield><mx:subfield code="c">Samius</mx:subfield></mx:datafield><mx:datafield ind1="0" ind2=" " tag="400"><mx:subfield code="a">Aristarchos,</mx:subfield><mx:subfield code="d">310 B.C.-ca. 230 B.C.</mx:subfield></mx:datafield><mx:datafield ind1="0" ind2=" " tag="400"><mx:subfield code="a">'Αρίσταρχος,</mx:subfield><mx:subfield code="d">310 B.C.-ca. 230 B.C.</mx:subfield></mx:datafield><mx:datafield ind1=" " ind2=" " tag="667"><mx:subfield code="a">Do not confuse with Aristarchus of Samothrace (Homeric scholar and grammarian) [n  84220855]</mx:subfield></mx:datafield><mx:datafield ind1=" " ind2=" " tag="667"><mx:subfield code="a">Non-Latin reference not evaluated</mx:subfield></mx:datafield><mx:datafield ind1=" " ind2=" " tag="670"><mx:subfield code="a">Histoire d'Aristarque de Samos ... 1810.</mx:subfield></mx:datafield><mx:datafield ind1=" " ind2=" " tag="670"><mx:subfield code="a">Ency. Brit., 77</mx:subfield><mx:subfield code="b">(Aristarchus of Samos; fl. c. 270 BC; 1st to maintain that the earth rotates and revolves around the sun)</mx:subfield></mx:datafield><mx:datafield ind1=" " ind2=" " tag="670"><mx:subfield code="a">Oxford Classical dict., 70</mx:subfield><mx:subfield code="b">(Aristarchus of Samos)</mx:subfield></mx:datafield><mx:datafield ind1=" " ind2=" " tag="670"><mx:subfield code="a">Heath, T.L. Aristarchus of Samos, the ancient Copernicus, 1981:</mx:subfield><mx:subfield code="b">t.p. (Aristarchus of Samos)</mx:subfield></mx:datafield><mx:datafield ind1=" " ind2=" " tag="670"><mx:subfield code="a">Wikipedia, Sept. 14, 2010</mx:subfield><mx:subfield code="b">(Aristarchus of Samos; Aristarchus; 'Αρίσταρχος = Aristarchos, 310 BC-ca. 230 BC; a Greek astronomer and mathematician</mx:subfield></mx:datafield><mx:datafield ind1=" " ind2=" " tag="999"><mx:subfield code="a">10133</mx:subfield></mx:datafield></mx:record>